% This file was created with JabRef 2.10.
% Encoding: UTF8


@online{org,
	author  = {\textit{Open MPI Organization}},
	title = {\url{https://www.open-mpi.org}}
}

@online{transpas,
	author  = {\textit{Funciones de MPI - Diseño de Infraestructuras de Redes}},
	title = {Javier Ayllón}
}





